@misc{vparadigm,
    author    = "Visual Paradigm International Ltd",
    title     = "Visual Paradigm",
    year = "2018",
    url       = "https://www.visual-paradigm.com"
}

@misc{wbench,
    author    = "Oracle Corporation",
    title     = "MySQL Workbench",
    year = "2018",
    url       = "www.mysql.com/products/workbench/"
}

@misc{vesnik,
    author    = "Tijana Šukilović",
    title     = "Matematički Vesnik",
    year = "2018",
    url       = "http://www.vesnik.math.rs/"
}

@misc{smalkov,
    author    = "Saša Malkov",
    title     = "Materijali sa predavanja iz predmeta 'Informacioni sistemi'",
    year = "2018",
    url       = "http://poincare.matf.bg.ac.rs/~smalkov/nastava.master.html#r271_is"
}

@misc{alex,
    author    = "Aleksandra Kocić",
    title     = "Materijali sa vežbi iz predmeta 'Informacioni sistemi'",
    year = "2018",
    url       = "http://poincare.matf.bg.ac.rs/~asimic/is.html"
}

@misc{erdplus,
    title     = "ERDPlus",
    year = "2018",
    url       = "https://erdplus.com/"
}

@misc{draw,
    title     = "Draw",
    year = "2018",
    url       = "https://www.draw.io"
}

@misc{ecas,
    author    = "Saša Malkov, Nenad Mitić, Anđelka Zečević",
    title     = "Elektronski časopis",
    year = "2018",
    url       = "https://docs.google.com/document/d/1-iExN2s5o2EDb9c8prFI-aFvhxtNHILFlWhIjADbHNI/edit?fbclid=IwAR3cmQ2-Cpseuc9vygkRAv5rXgCoJ1p_9xh-nU2YdZLXB0QEzhF0n2_OyAA"
}